@manual{Anleitung,
  author = {TU Dortmund},
  title = {Versuchsanleitung zu Versuch V47: Temperaturabhängigkeit der Molwärme von Festkörpern},
}

@online{kappa,
  title = {Literaturwert für das Kompressionsmodul von Cu},
  url = "http://www.periodensystem-online.de/index.php?el=29&id=modify",
  urldate = "2021-05-27",
}

@online{V0,
  title = {Literaturwert für das Molvolumen von Cu},
  url = "https://de.wikipedia.org/wiki/Kupfer",
  urldate = "2021-05-27",
}

@online{h_quer,
  title = {Literaturwert für das reduzierte planksche Wirkungsquantum},
  url = "https://de.wikipedia.org/wiki/Plancksches_Wirkungsquantum#Reduziertes_Plancksches_Wirkungsquantum",
  urldate = "2021-05-27",
}

@online{k_B,
  title = {Literaturwert für die Boltzmann-Konstante},
  url = "https://de.wikipedia.org/wiki/Boltzmann-Konstante",
  urldate = "2021-05-27",
}